
@misc{ amortizacionEquipos,
       author = "Eva Zamora",
       title = {{¿Cómo se calcula la amortización de equipos informáticos?",
       year = "2022}},
       url = "https://www.holded.com/es/blog/amortizacion-de-equipos-informaticos",
       note = "[Internet; descargado 25-noviembre-2023]"
}
@misc{ costesxtrabajador,
       author = "Gestron",
       title = {{Cuánto paga una empresa por un trabajador}},
       year = "2023",
       url = "https://ayudatpymes.com/gestron/cuanto-paga-empresa-por-trabajador/",
       note = "[Internet; descargado 27-noviembre-2023]"
}
@misc{ UBUxparkinson,
       author = "Gabinete de Comunicación",
       title = {{La Universidad de Burgos y la Asociación Parkinson Burgos intensifican su colaboración}},
       year = "2023",
       url = "https://www.ubu.es/noticias/la-universidad-de-burgos-y-la-asociacion-parkinson-burgos-intensifican-su-colaboracion",
       note = "[Internet; descargado 27-enero-2024]"
}
@misc{ rentabilidad,
       author = "Exact",
       title = {{¿Cómo calcular la rentabilidad de un proyecto?}},
       year = "2022",
       url = "https://www.exact.com/es/blog/negocios/como-calcular-la-rentabilidad-de-un-proyecto",
       note = "[Internet; descargado 27-noviembre-2023]"
}

@misc{ RGPD,
       author = "EUR-Lex",
       title = {{Reglamento general de protección de datos (RGPD)}},
       year = "2022",
       url = "https://eur-lex.europa.eu/ES/legal-content/summary/general-data-protection-regulation-gdpr.html",
       note = "[Internet; descargado 14-enero-2024]"
}

@misc{ consentimiento,
       author = "Grupo Atico34",
       title = "El consentimiento en el RGPD y LOPD",
       year = "2020",
       url = "https://protecciondatos-lopd.com/empresas/consentimiento-rgpd/",
       note = "[Internet; descargado 14-enero-2024]"
}

@misc{ tulipan,
       author = "Asociación Parkinson Salamanca",
       title = {{El símbolo de la enfermedad de Parkinson}},
       year = "2023",
       url = "https://www.parkinsonsalamanca.org/index.php?option=com_content&view=article&id=50&Itemid=62",
       note = "[Internet; descargado 16-enero-2024]"
}

@misc{ TFGCatalin,
       author = "Catalin Andrei Cacuci",
       title = {{Identificación de Parkinson por visión artificial}},
       year = "2023",
       url = "https://github.com/cataand/tfg-paddel"
}

@misc{ sense4care,
       author = "SENSE4CARE",
       title = "EXPERTS IN THE DETECTION AND ANALYSIS OF HUMAN MOVEMENT PATTERNS APPLIED TO HEALTHCARE",
       url = "https://www.sense4care.com/",
       note = "[Internet; descargado 22-mayo-2024]"
}

@article{updrs,
    author = {Movement Disorder Society Task Force on Rating Scales for Parkinson's Disease},
    title = {{The Unified Parkinson's Disease Rating Scale (UPDRS): Status and recommendations}},
    journal = {Movement Disorders},
    volume = {18},
    number = {7},
    pages = {738-750},
    keywords = {Unified Parkinson's Disease Rating Scale (UPDRS), Parkinson's disease, rating scales, clinimetrics},
    doi = {https://doi.org/10.1002/mds.10473},
    url = {https://movementdisorders.onlinelibrary.wiley.com/doi/abs/10.1002/mds.10473},
    eprint = {https://movementdisorders.onlinelibrary.wiley.com/doi/pdf/10.1002/mds.10473},
    abstract = {Abstract The Movement Disorder Society Task Force for Rating Scales for Parkinson's Disease prepared a critique of the Unified Parkinson's Disease Rating Scale (UPDRS). © 2003 Movement Disorder Society},
    year = {2003}
}