@article{agil,
  title={{Metodologías ágiles en el desarrollo de software}},
  author={Can{\'o}s, Jos{\'e} H and Letelier, Patricio and Penad{\'e}s, M{\textordfeminine} Carmen},
  journal={Universidad Polit{\'e}cnica de Valencia, Valencia},
  pages={1--8},
  year={2003}
}

@misc{ jiraVSzenhub,
       author = "Devin Partida",
       title = {{Jira vs Zenhub (2023): What are the main differences?}},
       year = "2023",
       url = "https://www.techrepublic.com/article/zenhub-vs-jira/",
       note = "[Internet; descargado 17-diciembre-2023]"
}


@misc{ python,
       author = "Pablo Londoño",
       title = {{Qué es Python, para qué sirve y cómo se usa (+ recursos para aprender)}},
       year = "2023",
       url = "https://blog.hubspot.es/website/que-es-python",
       note = "[Internet; descargado 20-diciembre-2023]"
}

@article{alcalaScikit,
  title={{Scikit-Learn, herramienta básica para el Data Science en Python}},
  author={Alcal{\'a}, U de},
  journal={Recuperado el},
  volume={29},
  year={2019}
}


@misc{ matplotlib,
       author = "DataScientest",
       title = {{Matplotlib: todo lo que tienes que saber sobre la librería Python de Dataviz}},
       year = "2022",
       url = "https://datascientest.com/es/todo-sobre-matplotlib",
       note = "[Internet; descargado 17-diciembre-2023]"
}


@misc{ flask,
       author = "Epitech",
       title = {{Qué es Flask (Python) y cuáles son sus principales ventajas}},
       year = "2021",
       url = "https://www.epitech-it.es/flask-python/",
       note = "[Internet; descargado 17-diciembre-2023]"
}


@misc{ alternativaBootstrap,
       author = "Viviana Bruno",
       title = {{Alternativas a Bootstrap}},
       year = "2019",
       url = "https://blog.infranetworking.com/alternativas-a-bootstrap/",
       note = "[Internet; descargado 15-diciembre-2023]"
}


@misc{ responsiveCSS,
       author = "Altexsoft",
       title = {{Most Popular Responsive CSS Frameworks: Bootstrap, Foundation, Materialize, Pure, and more}},
       year = "2018",
       url = "https://www.altexsoft.com/blog/most-popular-responsive-css-frameworks-bootstrap-foundation-materialize-pure-and-more/",
       note = "[Internet; descargado 15-diciembre-2023]"
}


@misc{ bbdd,
       author = "AWS",
       title = {{¿Cuál es la diferencia entre MariaDB y MySQL?}},
       year = "2023",
       url = "https://aws.amazon.com/es/compare/the-difference-between-mariadb-vs-mysql/",
       note = "[Internet; descargado 13-enero-2024]"
}

@misc{ heidiSQL,
       author = "Mauricio Developer",
       title = {{HeidiSQL: La herramienta imprescindible para administrar bases de datos MySQL}},
       year = "2023",
       url = "https://www.mauriciodeveloper.com/post/heidisql-la-herramienta-imprescindible-para-administrar-bases-de-datos-mysql-529",
       note = "[Internet; descargado 13-enero-2024]"
}

@article{ prediccionDiabetes,
  title={{Predicción de diabetes mellitus tipo 2 utilizando atributos médicos del Policlínico Leo SAC de San Juan de Lurigancho mediante el enfoque de Machine Learning}},
  author={Malpartida, Jaime Yelsin Rosales},
  journal={TecnoHumanismo},
  volume={2},
  number={4},
  pages={1--19},
  year={2022},
  publisher={Centro de investigaci{\'o}n \& producci{\'o}n cient{\'\i}fica IDEOs}
}


@article{perez2021tecnicas,
  title={{Técnicas de machine learning aplicadas a la búsqueda de biomarcadores de cáncer de mama}},
  author={P{\'e}rez C{\'o}rdova, Javier},
  year={2021},
  publisher={Universitat Oberta de Catalunya (UOC)}
}

@article{ parkinsonDisease,
       author = "Marsden CD.",
       title = {{Parkinson's disease}},
       year = "1994",
       publisher= "Journal of Neurology, Neurosurgery and Psychiatry"
}


@misc{ machineLearning,
       author = "IBM",
       title = {{¿Qué es machine learning?}},
       url = "https://www.ibm.com/es-es/topics/machine-learning",
       note = "[Internet; descargado 20-marzo-2024]"
}

@misc{ TFGCatalin,
       author = "Catalin Andrei Cacuci",
       title = {{Identificación de Parkinson por visión artificial}},
       year = "2023",
       url = "https://github.com/cataand/tfg-paddel"
}

@misc{ sense4care,
       author = "SENSE4CARE",
       title = "EXPERTS IN THE DETECTION AND ANALYSIS OF HUMAN MOVEMENT PATTERNS APPLIED TO HEALTHCARE",
       url = "https://www.sense4care.com/",
       note = "[Internet; descargado 22-mayo-2024]"
}

@misc{ updrs,
       author = "Dr. Stanley Fahn y Dr. Ronald Elton",
       title = {{Unified Parkinson's disease rating scale (UPDRS)}},
       year = "1987",
       url = "https://www.neuroloxia.com/wp-content/uploads/2017/03/UPDRS-CALC-NEUROLOGIA.pdf",
       note = "[Internet; descargado 22-mayo-2024]"
}

@misc{ afectadosParkinson,
       author = "Pharma Market",
       title = {{La SEN estima que el número de personas con enfermedad de Parkinson se triplicará en los próximos 30 años en España}},
       year = "2022",
       url = "https://www.phmk.es/i-d/la-sen-estima-que-el-numero-de-personas-con-enfermedad-de-parkinson-se-triplicara-en-los-proximos-30-anos-en-espana",
       note = "[Internet; descargado 27-mayo-2024]"
}